@software{Knaap2019,
author = {Knaap, Elijah},
doi = {10.5281/zenodo.3629662},
month = {jan},
title = {mandown: scholarly manuscripts in markdown},
url = {https://github.com/knaaptime/mandown},
year = {2020}
}
